@misc{Becchetti06acomparison,
author = {Luca Becchetti and Carlos Castillo and Debora Donato and Adriano Fazzone},
title = { A Comparison of Sampling Techniques for Web Graph Characterization},
year = {2006}
} 
